<?xml version="1.0" encoding="UTF-8"?><collection><record><leader>08028ntm a2200697 a 4500</leader><controlfield tag="001">006812465</controlfield><controlfield tag="003">MiAaHDL</controlfield><controlfield tag="005">20190719000000.0</controlfield><controlfield tag="006">m        d        </controlfield><controlfield tag="007">cr bn ---auaua</controlfield><controlfield tag="008">090603s1459    xx            00| ||ara d</controlfield><datafield tag="035" ind1=" " ind2=" "><subfield code="a">(MiU)006812465</subfield></datafield><datafield tag="035" ind1=" " ind2=" "><subfield code="a">sdr-miu006812465</subfield></datafield><datafield tag="040" ind1=" " ind2=" "><subfield code="a">MiU</subfield><subfield code="c">MiU</subfield><subfield code="e">amremm</subfield></datafield><datafield tag="043" ind1=" " ind2=" "><subfield code="a">n-us-mi</subfield></datafield><datafield tag="100" ind1="1" ind2=" "><subfield code="6">880-01</subfield><subfield code="a">ʻIrāqī, ʻAbd al-Raḥīm ibn al-Ḥusayn,</subfield><subfield code="d">1325-1404.</subfield></datafield><datafield tag="240" ind1="1" ind2="0"><subfield code="6">880-02</subfield><subfield code="a">Alfīyat al-ʻIrāqī</subfield></datafield><datafield tag="245" ind1="1" ind2="0"><subfield code="6">880-03</subfield><subfield code="a">Kitāb al-Tadhkirah wa-al-tabṣirah fī ‘ilm al-ḥadīth,</subfield><subfield code="f">[864, i.e. 1459].</subfield></datafield><datafield tag="246" ind1="3" ind2=" "><subfield code="i">Title in GAL:</subfield><subfield code="a">Maqāṣid al-muhmalah</subfield></datafield><datafield tag="246" ind1="3" ind2=" "><subfield code="6">880-05</subfield><subfield code="i">Title from opening on p.2:</subfield><subfield code="a">مقاصد المهمة توضح من علم الحديث رسمه</subfield></datafield><datafield tag="246" ind1="3" ind2=" "><subfield code="i">Title in GAL:</subfield><subfield code="a">Tabṣirat al-mubtadiʼ wa-tadhkirat al-muntahī</subfield></datafield><datafield tag="246" ind1="3" ind2=" "><subfield code="6">880-04</subfield><subfield code="i">Title from opening on p.2:</subfield><subfield code="a">تبصرة المبتدي تذكرة المنتهي</subfield></datafield><datafield tag="246" ind1="3" ind2=" "><subfield code="i">Title from inscription on 'title page' (p.1):</subfield><subfield code="a">الفية العراقي</subfield></datafield><datafield tag="246" ind1="3" ind2="0"><subfield code="a">Tadhkirah wa-al-tabṣirah fī ‘ilm al-ḥadīth</subfield></datafield><datafield tag="260" ind1=" " ind2=" "><subfield code="c">[1459].</subfield></datafield><datafield tag="300" ind1=" " ind2=" "><subfield code="a">43 leaves :</subfield><subfield code="b">paper ;</subfield><subfield code="c">175 x 135 (130 x 92) mm.</subfield></datafield><datafield tag="500" ind1=" " ind2=" "><subfield code="a">Shelfmark: Ann Arbor, University of Michigan, Special Collections Library, Isl. Ms. 496</subfield></datafield><datafield tag="500" ind1=" " ind2=" "><subfield code="a">Origin: As appears in colophon on p.85, copied by ʻAbd Allāh ibn Ḥamīd ibn ʻAbd Allāh al-Sharshīmī with transcription completed ("wa-kāna al-farāgh min naskhihā...") 15 Ṣafar 864 [ca. 11 December 1459].</subfield></datafield><datafield tag="500" ind1=" " ind2=" "><subfield code="a">Accompanying materials: a. Inventory cataloguing slip in hand of Winifred Smeaton Thomas -- b. Acquisitions slip from Yahuda.</subfield></datafield><datafield tag="500" ind1=" " ind2=" "><subfield code="a">Former shelfmark: From inner front cover and spine label, "IL 47a" (likely supplied by Yahuda, see acquisitions slip).</subfield></datafield><datafield tag="500" ind1=" " ind2=" "><subfield code="a">Binding: Pasteboards covered in marbled paper (mainly orange, blue, and pink) with traces of red-brown leather over spine, fore edge flap, and edges/turn-ins ; spine and fore edge flap now covered (and lined) in lavender textile repair ; Type II binding (with flap) ; board linings in untinted laid paper ; sewing gone, though stations apparent ; overall in poor condition with abrasion, lifting and losses of paper, leather and cloth, delamination of boards, etc. ; likely not original, serves more as a wrapper (as is fully detached from textblock, perhaps never attached).</subfield></datafield><datafield tag="500" ind1=" " ind2=" "><subfield code="a">Support: non-European laid paper with 7 laid lines per cm. (vertical) and chain lines grouped in threes (horizontal) with 9-11 mm. between chains and 40-49 mm. between groups, fairly diffuse ; sturdy, burnished and fairly smooth ; replacement leaves in European laid paper, possibly of two different types, mainly with 9 laid lines per cm. (vertical), chain lines spaced 23 mm. apart (horizontal), and crown-star-crescent watermark (75 mm. tall, see pp.13-36).</subfield></datafield><datafield tag="500" ind1=" " ind2=" "><subfield code="a">Decoration: Section headings and some abbreviation symbols rubricated.</subfield></datafield><datafield tag="500" ind1=" " ind2=" "><subfield code="a">Script: Naskh ; fine Egyptian or 'Syrian' hand ; virtually serifless with closed and open counters, elongation of horizontal strokes, pointing in distinct dots, alif maqṣūrah pointed as yāʼ, the lām alif al-warrāqīyah preferred, descenders mainly curvlinear, kāf mashqūqah preferred (even final kāf) ; fully vocalized ; replacements and repairs in a different hand.</subfield></datafield><datafield tag="500" ind1=" " ind2=" "><subfield code="a">Layout: Written in 13 lines per page with written area divided to two columns to set off the verses, section headings centered ; frame-ruled for two columns (impression of ruling board evident).</subfield></datafield><datafield tag="500" ind1=" " ind2=" "><subfield code="a">Collation: 16 (16), I (18), 2 V(38), I (40), I+1 (43) ; many bifolia split ; catchwords present ; pagination in pencil, Western numerals, supplied during digitization.</subfield></datafield><datafield tag="500" ind1=" " ind2=" "><subfield code="a">Colophon: "Scribal," triangular, reads "تمت بحمد الله وعونه وحسن توفيقه وكان الفراغ من نسخها يوم الثلاثا المبارك خامس عشر شهر صفر الخير سنة اربع وستين وثمان مائة على يد العبد الفقير الى الله تعالى عبد الله ابن حميد ابن عبد الله الشرشيمي غفر الله له ولوالديه ولمن طالع فيها او نظر فيها ودعا له بالتوبة والمغفرة ولجميع المسلمين وحسبنا الله ونعم الوكيل"</subfield></datafield><datafield tag="500" ind1=" " ind2=" "><subfield code="a">Explicit: "قربنا المحمود والمشكور اليه منا مترجع [ترجع] الامور وافضل الصلاة والسلام على النبي سيد الانام تمت بحمد ربنا وعونه وجوده وفضله ومنه"</subfield></datafield><datafield tag="500" ind1=" " ind2=" "><subfield code="a">Incipit: "يقول راجي ربه المقتدر عبد الرحيم بن الحسين الاثري من بعد حمد الله ذي الالاء على امتنان جل عن احصاء ... فهذه المقاصد المهمة توضح من علم الحديث رسمه نظمتها تبصرة للمبتدي تذكرة للمنتهي والمسند لخصت فيها ابن الصلاح ..."</subfield></datafield><datafield tag="500" ind1=" " ind2=" "><subfield code="a">Title from 'title page' (p.1).</subfield></datafield><datafield tag="500" ind1=" " ind2=" "><subfield code="a">Ms. codex.</subfield></datafield><datafield tag="510" ind1="4" ind2=" "><subfield code="a">Ḥājjī Khalīfah. Kashf al-ẓunūn,</subfield><subfield code="c">i 416, no. 1145</subfield></datafield><datafield tag="510" ind1="4" ind2=" "><subfield code="a">Brockelmann, C. GAL,</subfield><subfield code="c">I 359 (Versif. b) ; II 66</subfield></datafield><datafield tag="520" ind1="8" ind2=" "><subfield code="a">Elegant copy of the author's Alfīyah, or Tabṣirat al-mubtadī wa-tadhkirat al-muntahī or al-Maqāṣid al-muhimmah tūḍiḥu min ʻilm al-ḥadīth rasmuh (see opening matter on p.2), itself a versification of Kitāb Maʻrifat anwāʻ ʻilm (‘ulūm) al-ḥadīth or ʻUlūm al-ḥadīth of ‘Uthmān Ibn al-Ṣalāḥ al-Shahrazūrī (d.1243).</subfield></datafield><datafield tag="538" ind1=" " ind2=" "><subfield code="a">Mode of access: Internet.</subfield></datafield><datafield tag="541" ind1=" " ind2=" "><subfield code="a">Acquired in 1926 from the bookseller Isaac Benjamin S.E. Yahuda via purchase transacted on his behalf by his younger brother, the famous Orientalist and manuscript collector Abraham Shalom Yahuda (1877-1951).</subfield></datafield><datafield tag="546" ind1=" " ind2=" "><subfield code="a">Arabic.</subfield></datafield><datafield tag="561" ind1=" " ind2=" "><subfield code="a">Ownership statements (all partially lost and nearly illegible) on 'title page' (p.1) include statement in name of one ... ibn ʻAlī ibn [?] al-Maḥallī ( ... ابن علي بن المحلي ... ), statement in name of one ʻAbd al-Bāqī ibn ʻUmar ibn ʻUmar ... [?] ( عبد الباقي بن عمر بن عمر ...), and statement in name of one Aḥmad Jād Allāh al-Ḥattānī al-Mālikī al-Ashaʻrī al-Shādhilī ( احمد جاد الله الحتاني المالكي الاشعري الشاذلي ) for whom a much more legible statement is repeated at close on p.85, reads "هذه الالفية المباركة في ملك الفقير الحقير اسير ذنبه الفقير احمد جاد الله الحتاني المالكي مذهبا الاشعري عقيدة الشاذلي طريقة عفا الله عنه وعن جميع المسلمين وصلى الله على سيدنا محمد وعلى اله وصحبه سلم" ; marginal corrections.</subfield></datafield><datafield tag="600" ind1="1" ind2="0"><subfield code="a">Ibn al-Ṣalāḥ al-Shahrazūrī, ʻUthmān ibn ʻAbd al-Raḥmān,</subfield><subfield code="d">1181 or 1182-1245.</subfield><subfield code="t">ʻUlūm al-ḥadīth.</subfield></datafield><datafield tag="650" ind1=" " ind2="0"><subfield code="a">Manuscripts, Arabic</subfield><subfield code="z">Michigan</subfield><subfield code="z">Ann Arbor.</subfield></datafield><datafield tag="650" ind1=" " ind2="0"><subfield code="a">Hadith</subfield><subfield code="x">Criticism, interpretation, etc.</subfield><subfield code="v">Early works to 1800.</subfield></datafield><datafield tag="700" ind1="0" ind2=" "><subfield code="6">880-08</subfield><subfield code="a">Aḥmad Jād Allāh al-Ḥattānī,</subfield><subfield code="e">former owner.</subfield></datafield><datafield tag="700" ind1="0" ind2=" "><subfield code="6">880-07</subfield><subfield code="a">‘Abd Allah ibn Ḥamīd ibn ‘Abd Allah al-Sharshīmī,</subfield><subfield code="d">fl. 1459,</subfield><subfield code="e">scribe.</subfield></datafield><datafield tag="773" ind1="0" ind2=" "><subfield code="a">Yahuda Collection.</subfield></datafield><datafield tag="880" ind1="0" ind2=" "><subfield code="6">700-08/</subfield><subfield code="a">احمد جاد الله الحتاني,</subfield><subfield code="e">مالك سابق.</subfield></datafield><datafield tag="880" ind1="0" ind2=" "><subfield code="6">700-07/</subfield><subfield code="a">عبد الله بن حميد بن عبد الله الشرشيمي,</subfield><subfield code="e">ناسخ.</subfield></datafield><datafield tag="880" ind1="3" ind2=" "><subfield code="6">246-05/</subfield><subfield code="a">Maqāṣid al-muhimmah tūḍiḥu min ʻilm al-ḥadīth rasmuh</subfield></datafield><datafield tag="880" ind1="3" ind2=" "><subfield code="6">246-04/</subfield><subfield code="a">Tabṣirat al-mubtadī tadhkirat al-muntahī</subfield></datafield><datafield tag="880" ind1="1" ind2="0"><subfield code="6">245-03/</subfield><subfield code="a">كتاب التذكرة والتبصرة في علم الحديث,</subfield><subfield code="f">[864ه، 1459م].</subfield></datafield><datafield tag="880" ind1="1" ind2="0"><subfield code="6">240-02/</subfield><subfield code="a">الفية العراقي</subfield></datafield><datafield tag="880" ind1="1" ind2=" "><subfield code="6">100-01/</subfield><subfield code="a">عراقي، عبد الرحيم بن الحسين</subfield></datafield><datafield tag="CID" ind1=" " ind2=" "><subfield code="a">006812465</subfield></datafield><datafield tag="DAT" ind1="0" ind2=" "><subfield code="a">20190719102637.0</subfield><subfield code="b">20190719000000.0</subfield></datafield><datafield tag="DAT" ind1="1" ind2=" "><subfield code="a">20190719090653.0</subfield><subfield code="b">2019-07-19T16:10:29Z</subfield></datafield><datafield tag="DAT" ind1="2" ind2=" "><subfield code="a">2015-10-02T18:00:03Z</subfield></datafield><datafield tag="CAT" ind1=" " ind2=" "><subfield code="a">SDR-MIU</subfield><subfield code="d">EX LIBRIS - ALEPH</subfield><subfield code="l">prepare.pl-004-008</subfield></datafield><datafield tag="FMT" ind1=" " ind2=" "><subfield code="a">BK</subfield></datafield><datafield tag="HOL" ind1=" " ind2=" "><subfield code="0">sdr-miu006812465</subfield><subfield code="a">MiU</subfield><subfield code="b">SDR</subfield><subfield code="c">MIU</subfield><subfield code="p">mdp.39015079128081</subfield><subfield code="s">MIU</subfield><subfield code="1">006812465</subfield></datafield><datafield tag="974" ind1=" " ind2=" "><subfield code="b">MIU</subfield><subfield code="c">MIU</subfield><subfield code="d">20190719</subfield><subfield code="s">lit-dlps-dc</subfield><subfield code="u">mdp.39015079128081</subfield><subfield code="y">1459</subfield><subfield code="r">pd</subfield><subfield code="q">bib</subfield><subfield code="t">non-US bib date1 &lt; 1896</subfield></datafield></record></collection>